@BOOK{JohnR,
author = "John Reordan",
title = "Enumeration of linear graphs for mappings of finite sets",
publisher = "Ann. Math. Statist",
year = 1962,
numpages = 178-185,
language = "english"
}
 
@MISC{Main-lib,
	AUTHOR = "John Sloane",
	TITLE = "The on-line encyclopedia of integer sequences. Number of connected functions on n labeled nodes.",
	NOTE = "\url{https://oeis.org/A001865}"
}

@MISC{Asympt-lib,
	AUTHOR = "John Sloane",
	TITLE = "The on-line encyclopedia of integer sequences. The number of cycles in the digraph representation of all endofunctions on {1,2,...,n}.",
	NOTE = "\url{http://oeis.org/A190314}"
}

@MISC{W-lib,
      TITLE = "Wikipedia. Lambert W function",
      NOTE = "\url{https://en.wikipedia.org/wiki/Lambert_W_function}"
}

@MISC{Hyp-lib,
	TITLE = "Wikipedia. Hypergeometric function",
	NOTE = "\url{https://en.wikipedia.org/wiki/Hypergeometric_function}"
}

@MISC{Hurw-lib,
	TITLE = "Wikipedia. Lerch zeta function",
	NOTE = "\url{https://en.wikipedia.org/wiki/Lerch_zeta_function}"
}